<record><leader>00000cas a22000007a 4500</leader><controlfield tag="001">18114241</controlfield><controlfield tag="008">880621d19121914ohucr ne      0    0eng d</controlfield><datafield ind1=" " ind2=" " tag="010"><subfield code="a">sn 88077571 </subfield></datafield><datafield ind1=" " ind2=" " tag="040"><subfield code="a">ONP</subfield><subfield code="b">eng</subfield><subfield code="c">ONP</subfield><subfield code="d">OCLCQ</subfield></datafield><datafield ind1=" " ind2=" " tag="042"><subfield code="a">msc</subfield></datafield><datafield ind1="0" ind2=" " tag="130"><subfield code="a">Semi-weekly tribune (Marion, Ohio)</subfield></datafield><datafield ind1="1" ind2="4" tag="245"><subfield code="a">The Semi-weekly tribune.</subfield></datafield><datafield ind1=" " ind2=" " tag="260"><subfield code="a">Marion, Ohio :</subfield><subfield code="b">Marion Tribune Pub. Co.,</subfield><subfield code="c">1912-1914.</subfield></datafield><datafield ind1=" " ind2=" " tag="310"><subfield code="a">Semiweekly</subfield></datafield><datafield ind1="0" ind2=" " tag="362"><subfield code="a">Vol. 76, no. 39 (July 9, 1912)-v. 77, no. 70 (Mar. 3, 1914).</subfield></datafield><datafield ind1=" " ind2=" " tag="580"><subfield code="a">Daily ed.: Marion Ohio tribune (Marion, Ohio : 1912).</subfield></datafield><datafield ind1=" " ind2=" " tag="752"><subfield code="a">United States</subfield><subfield code="b">Ohio</subfield><subfield code="c">Marion</subfield><subfield code="d">Marion.</subfield></datafield><datafield ind1="1" ind2=" " tag="775"><subfield code="t">Marion Ohio tribune (Marion, Ohio : 1912)</subfield><subfield code="w">(DLC)sn 88086158</subfield></datafield><datafield ind1="0" ind2="0" tag="780"><subfield code="t">Marion mirror (Marion, Ohio : 1899)</subfield><subfield code="w">(DLC)sn 88077570</subfield></datafield><datafield ind1="0" ind2="0" tag="785"><subfield code="t">Marion Ohio tribune (Marion, Ohio : 1914)</subfield><subfield code="w">(DLC)sn 88077572</subfield></datafield></record>